<?xml version="1.0" encoding="UTF-8"?><collection xmlns="http://www.loc.gov/MARC21/slim"><record><leader>00413nam--2200169-u-4500</leader><controlfield tag="001">000055958</controlfield><controlfield tag="002">20161230</controlfield><controlfield tag="005">20161230201052</controlfield><controlfield tag="008">130827s1000------------r-----000-0-eng-d</controlfield><datafield ind1=" " ind2=" " tag="040"><subfield code="a">IFIN-HH</subfield></datafield><datafield ind1=" " ind2=" " tag="080"><subfield code="a">523.03</subfield></datafield><datafield ind1="1" ind2=" " tag="100"><subfield code="a">Allen, C.W</subfield></datafield><datafield ind1="1" ind2="0" tag="245"><subfield code="a">Astrophysical quantities</subfield><subfield code="c">C.w. allen</subfield></datafield><datafield ind1=" " ind2=" " tag="260"><subfield code="a">London</subfield><subfield code="b">The Athlone Press</subfield><subfield code="c">1955</subfield></datafield><datafield ind1=" " ind2=" " tag="300"><subfield code="a">XI+263P</subfield></datafield><datafield ind1=" " ind2=" " tag="852"><subfield code="a">10940</subfield><subfield code="c">523</subfield></datafield><datafield ind1=" " ind2=" " tag="CAT"><subfield code="a">Sys</subfield><subfield code="c">20130827</subfield><subfield code="h">174323</subfield></datafield></record></collection>